@misc
{
	kurov:2023,
	title = {Конспект лекций по дисциплине «Компьютерная графика», Куров А. В.},
	year = {2023}
}

@book{formats,
	author = {М. И. Олейников},
	title = {ЯЗЫК ПАРАМЕТРИЧЕСКОГО ОПИСАНИЯ ОПТИКО-ГЕОМЕТРИЧЕСКИХ СЦЕН В ЗАДАЧАХ ТЕХНИЧЕСКОГО ЗРЕНИЯ},
	address = {Санкт-Петербург},
	publisher = {Известия ТулГУ. Технические науки. №12},
	year = {2022},
	url = {https://cyberleninka.ru/article/n/yazyk-parametricheskogo-opisaniya-optiko-geometricheskih-stsen-v-zadachah-tehnicheskogo-zreniya},
	urldate = {2023-10-07}
}

@book{rtresearch,
	author = {А. Ю. Ульянов},
	title = {МЕТОД ТРАССИРОВКИ ЛУЧЕЙ КАК ОСНОВНАЯ ТЕХНОЛОГИЯ ФОТОРЕАЛИСТИЧНОГО РЕНДЕРИНГА},
	address = {Екатеринбург},
	publisher = {ФГАОУ ВПО «Уральский федеральный университет
	имени первого Президента России Б.Н. Ельцина»},
	year = {2015},
	url = {https://s.fundamental-research.ru/pdf/2015/11-6/39706.pdf},
	urldate = {2023-11-19}
}

@book{kgmmgtu,
	author = {А. Н. Божко and Д. М. Жук},
	title = {Компьютерная графика : учебное пособие},
	address = {Москва},
	publisher = {МГТУ им. Баумана},
	year = {2007},
	numpages = {384},
	isbn = {978-5-7038-3015-4}
}

@book{kgtomsk,
	author = {А. Ю. Дёмин},
	title = {Основы компьютерной графики: учебное пособие },
	address = {Томск},
	publisher = {Издательство Томского политехнического университета},
	year = {2011},
	numpages = {191},
	isbn = {973-5-0328-0145-4}
}

@book{kdtree,
	author = {А. К.Боресков},
	title = {Программирование компьютерной графиких},
	address = {Москва},
	publisher = {ДМК},
	year = {2019},
	numpages = {370},
	isbn = {978-5-97060-779-4}
}

@book{raytraicecompare,
	author = {С. А. Зори},
	title = {Использование вычислительных возможностей графических систем для организации визуализации трехмерных сцен с использованием технологий объемного отображения},
	address = {Санкт-Петербург},
	publisher = {Технические науки. №4 (153)},
	year = {2014},
	url = {https://cyberleninka.ru/article/n/ispolzovanie-vychislitelnyh-vozmozhnostey-graficheskih-sistem-dlya-organizatsii-vizualizatsii-trehmernyh-stsen-s-ispolzovaniem},
	urldate = {2023-11-07}
}

@misc
{
	tbb,
	title = {Intel® Threading Building Blocks Tutorial [Электронный ресурс]},
	url = {https://www.inf.ed.ac.uk/teaching/courses/ppls/TBBtutorial.pdf},
	urldate = {2023-12-01}
}

@misc
{
	stlreader,
	title = "stl\_reader [Электронный ресурс]",
	url = "https://sreiter.github.io/stl_reader/stl__reader_8h.html#details",
	urldate = {2023-11-03}
}

@misc
{
	cmake,
	title = " CMake Reference Documentation [Электронный ресурс]",
	url = "https://cmake.org/cmake/help/latest/index.html",
	urldate = {2023-12-14}
}

@misc
{
	qtdoc,
	title = " Qt Documentation [Электронный ресурс]",
	url = "https://doc.qt.io/",
	urldate = {2023-12-14}
}

@book{rogers,
	author = {Д. Роджерс},
	title = {Алгоритмические основы машинной графики},
	address = {Москва},
	publisher = {Мир},
	year = {1989},
	isbn = {5-03-000476-9}
}


